%%% ====================================================================
%%%  BibTeX-file{
%%%     author          = "Gerry Murray",
%%%     version         = "1.2",
%%%     date            = "2 April 2012",
%%%     filename        = "acmsmall-sample-bibfile.bib",
%%%     address         = "ACM, NY",
%%%     email           = "murray at hq.acm.org",
%%%     codetable       = "ISO/ASCII",
%%%     keywords        = "ACM Reference Format, bibliography, citation, references",
%%%     supported       = "yes",
%%%     docstring       = "This BibTeX database file contains 'bibdata' entries
%%%                        that 'match' the examples provided in the Specifications Document
%%%                        AND, also, 'legacy'-type bibs. It should assist authors in
%%%                        choosing the 'correct' at-bibtype and necessary bib-fields
%%%                        so as to obtain the appropriate ACM Reference Format output.
%%%                        It also contains many 'Standard Abbreviations'. "
%%%  }
%%% ====================================================================

% Journals

% First the Full Name is given, then the abbreviation used in the AMS Math
% Reviews, with an indication if it could not be found there.
% Note the 2nd overwrites the 1st, so swap them if you want the full name.

 %{AMS}
 @String{AMSTrans = "American Mathematical Society Translations" }
 @String{AMSTrans = "Amer. Math. Soc. Transl." }
 @String{BullAMS = "Bulletin of the American Mathematical Society" }
 @String{BullAMS = "Bull. Amer. Math. Soc." }
 @String{ProcAMS = "Proceedings of the American Mathematical Society" }
 @String{ProcAMS = "Proc. Amer. Math. Soc." }
 @String{TransAMS = "Transactions of the American Mathematical Society" }
 @String{TransAMS = "Trans. Amer. Math. Soc." }

 %ACM
 @String{CACM = "Communications of the {ACM}" }
 @String{CACM = "Commun. {ACM}" }
 @String{CompServ = "Comput. Surveys" }
 @String{JACM = "J. ACM" }
 @String{ACMMathSoft = "{ACM} Transactions on Mathematical Software" }
 @String{ACMMathSoft = "{ACM} Trans. Math. Software" }
 @String{SIGNUM = "{ACM} {SIGNUM} Newsletter" }
 @String{SIGNUM = "{ACM} {SIGNUM} Newslett." }

 @String{AmerSocio = "American Journal of Sociology" }
 @String{AmerStatAssoc = "Journal of the American Statistical Association" }
 @String{AmerStatAssoc = "J. Amer. Statist. Assoc." }
 @String{ApplMathComp = "Applied Mathematics and Computation" }
 @String{ApplMathComp = "Appl. Math. Comput." }
 @String{AmerMathMonthly = "American Mathematical Monthly" }
 @String{AmerMathMonthly = "Amer. Math. Monthly" }
 @String{BIT = "{BIT}" }
 @String{BritStatPsych = "British Journal of Mathematical and Statistical
          Psychology" }
 @String{BritStatPsych = "Brit. J. Math. Statist. Psych." }
 @String{CanMathBull = "Canadian Mathematical Bulletin" }
 @String{CanMathBull = "Canad. Math. Bull." }
 @String{CompApplMath = "Journal of Computational and Applied Mathematics" }
 @String{CompApplMath = "J. Comput. Appl. Math." }
 @String{CompPhys = "Journal of Computational Physics" }
 @String{CompPhys = "J. Comput. Phys." }
 @String{CompStruct = "Computers and Structures" }
 @String{CompStruct = "Comput. \& Structures" }
 @String{CompJour = "The Computer Journal" }
 @String{CompJour = "Comput. J." }
 @String{CompSysSci = "Journal of Computer and System Sciences" }
 @String{CompSysSci = "J. Comput. System Sci." }
 @String{Computing = "Computing" }
 @String{ContempMath = "Contemporary Mathematics" }
 @String{ContempMath = "Contemp. Math." }
 @String{Crelle = "Crelle's Journal" }
 @String{GiornaleMath = "Giornale di Mathematiche" }
 @String{GiornaleMath = "Giorn. Mat." } % didn't find in AMS MR., ibid.

 %IEEE
 @String{Computer = "{IEEE} Computer" }
 @String{IEEETransComp = "{IEEE} Transactions on Computers" }
 @String{IEEETransComp = "{IEEE} Trans. Comput." }
 @String{IEEETransAC = "{IEEE} Transactions on Automatic Control" }
 @String{IEEETransAC = "{IEEE} Trans. Automat. Control" }
 @String{IEEESpec = "{IEEE} Spectrum" } % didn't find in AMS MR
 @String{ProcIEEE = "Proceedings of the {IEEE}" }
 @String{ProcIEEE = "Proc. {IEEE}" } % didn't find in AMS MR
 @String{IEEETransAeroElec = "{IEEE} Transactions on Aerospace and Electronic
     Systems" }
 @String{IEEETransAeroElec = "{IEEE} Trans. Aerospace Electron. Systems" }

 @String{IMANumerAna = "{IMA} Journal of Numerical Analysis" }
 @String{IMANumerAna = "{IMA} J. Numer. Anal." }
 @String{InfProcLet = "Information Processing Letters" }
 @String{InfProcLet = "Inform. Process. Lett." }
 @String{InstMathApp = "Journal of the Institute of Mathematics and
     its Applications" }
 @String{InstMathApp = "J. Inst. Math. Appl." }
 @String{IntControl = "International Journal of Control" }
 @String{IntControl = "Internat. J. Control" }
 @String{IntNumerEng = "International Journal for Numerical Methods in
     Engineering" }
 @String{IntNumerEng = "Internat. J. Numer. Methods Engrg." }
 @String{IntSuper = "International Journal of Supercomputing Applications" }
 @String{IntSuper = "Internat. J. Supercomputing Applic." } % didn't find
%% in AMS MR
 @String{Kibernetika = "Kibernetika" }
 @String{JResNatBurStand = "Journal of Research of the National Bureau
     of Standards" }
 @String{JResNatBurStand = "J. Res. Nat. Bur. Standards" }
 @String{LinAlgApp = "Linear Algebra and its Applications" }
 @String{LinAlgApp = "Linear Algebra Appl." }
 @String{MathAnaAppl = "Journal of Mathematical Analysis and Applications" }
 @String{MathAnaAppl = "J. Math. Anal. Appl." }
 @String{MathAnnalen = "Mathematische Annalen" }
 @String{MathAnnalen = "Math. Ann." }
 @String{MathPhys = "Journal of Mathematical Physics" }
 @String{MathPhys = "J. Math. Phys." }
 @String{MathComp = "Mathematics of Computation" }
 @String{MathComp = "Math. Comp." }
 @String{MathScand = "Mathematica Scandinavica" }
 @String{MathScand = "Math. Scand." }
 @String{TablesAidsComp = "Mathematical Tables and Other Aids to Computation" }
 @String{TablesAidsComp = "Math. Tables Aids Comput." }
 @String{NumerMath = "Numerische Mathematik" }
 @String{NumerMath = "Numer. Math." }
 @String{PacificMath = "Pacific Journal of Mathematics" }
 @String{PacificMath = "Pacific J. Math." }
 @String{ParDistComp = "Journal of Parallel and Distributed Computing" }
 @String{ParDistComp = "J. Parallel and Distrib. Comput." } % didn't find
%% in AMS MR
 @String{ParComputing = "Parallel Computing" }
 @String{ParComputing = "Parallel Comput." }
 @String{PhilMag = "Philosophical Magazine" }
 @String{PhilMag = "Philos. Mag." }
 @String{ProcNAS = "Proceedings of the National Academy of Sciences
                    of the USA" }
 @String{ProcNAS = "Proc. Nat. Acad. Sci. U. S. A." }
 @String{Psychometrika = "Psychometrika" }
 @String{QuartMath = "Quarterly Journal of Mathematics, Oxford, Series (2)" }
 @String{QuartMath = "Quart. J. Math. Oxford Ser. (2)" }
 @String{QuartApplMath = "Quarterly of Applied Mathematics" }
 @String{QuartApplMath = "Quart. Appl. Math." }
 @String{RevueInstStat = "Review of the International Statisical Institute" }
 @String{RevueInstStat = "Rev. Inst. Internat. Statist." }

 %SIAM
 @String{JSIAM = "Journal of the Society for Industrial and Applied
     Mathematics" }
 @String{JSIAM = "J. Soc. Indust. Appl. Math." }
 @String{JSIAMB = "Journal of the Society for Industrial and Applied
     Mathematics, Series B, Numerical Analysis" }
 @String{JSIAMB = "J. Soc. Indust. Appl. Math. Ser. B Numer. Anal." }
 @String{SIAMAlgMeth = "{SIAM} Journal on Algebraic and Discrete Methods" }
 @String{SIAMAlgMeth = "{SIAM} J. Algebraic Discrete Methods" }
 @String{SIAMAppMath = "{SIAM} Journal on Applied Mathematics" }
 @String{SIAMAppMath = "{SIAM} J. Appl. Math." }
 @String{SIAMComp = "{SIAM} Journal on Computing" }
 @String{SIAMComp = "{SIAM} J. Comput." }
 @String{SIAMMatrix = "{SIAM} Journal on Matrix Analysis and Applications" }
 @String{SIAMMatrix = "{SIAM} J. Matrix Anal. Appl." }
 @String{SIAMNumAnal = "{SIAM} Journal on Numerical Analysis" }
 @String{SIAMNumAnal = "{SIAM} J. Numer. Anal." }
 @String{SIAMReview = "{SIAM} Review" }
 @String{SIAMReview = "{SIAM} Rev." }
 @String{SIAMSciStat = "{SIAM} Journal on Scientific and Statistical
     Computing" }
 @String{SIAMSciStat = "{SIAM} J. Sci. Statist. Comput." }

 @String{SoftPracExp = "Software Practice and Experience" }
 @String{SoftPracExp = "Software Prac. Experience" } % didn't find in AMS MR
 @String{StatScience = "Statistical Science" }
 @String{StatScience = "Statist. Sci." }
 @String{Techno = "Technometrics" }
 @String{USSRCompMathPhys = "{USSR} Computational Mathematics and Mathematical
     Physics" }
 @String{USSRCompMathPhys = "{U. S. S. R.} Comput. Math. and Math. Phys." }
 @String{VLSICompSys = "Journal of {VLSI} and Computer Systems" }
 @String{VLSICompSys = "J. {VLSI} Comput. Syst." }
 @String{ZAngewMathMech = "Zeitschrift fur Angewandte Mathematik und
     Mechanik" }
 @String{ZAngewMathMech = "Z. Angew. Math. Mech." }
 @String{ZAngewMathPhys = "Zeitschrift fur Angewandte Mathematik und Physik" }
 @String{ZAngewMathPhys = "Z. Angew. Math. Phys." }

% Publishers % ================================================= |

 @String{Academic = "Academic Press" }
 @String{ACMPress = "{ACM} Press" }
 @String{AdamHilger = "Adam Hilger" }
 @String{AddisonWesley = "Addison-Wesley" }
 @String{AllynBacon = "Allyn and Bacon" }
 @String{AMS = "American Mathematical Society" }
 @String{Birkhauser = "Birkha{\"u}ser" }
 @String{CambridgePress = "Cambridge University Press" }
 @String{Chelsea = "Chelsea" }
 @String{ClaredonPress = "Claredon Press" }
 @String{DoverPub = "Dover Publications" }
 @String{Eyolles = "Eyolles" }
 @String{HoltRinehartWinston = "Holt, Rinehart and Winston" }
 @String{Interscience = "Interscience" }
 @String{JohnsHopkinsPress = "The Johns Hopkins University Press" }
 @String{JohnWileySons = "John Wiley and Sons" }
 @String{Macmillan = "Macmillan" }
 @String{MathWorks = "The Math Works Inc." }
 @String{McGrawHill = "McGraw-Hill" }
 @String{NatBurStd = "National Bureau of Standards" }
 @String{NorthHolland = "North-Holland" }
 @String{OxfordPress = "Oxford University Press" }  %address Oxford or London?
 @String{PergamonPress = "Pergamon Press" }
 @String{PlenumPress = "Plenum Press" }
 @String{PrenticeHall = "Prentice-Hall" }
 @String{SIAMPub = "{SIAM} Publications" }
 @String{Springer = "Springer-Verlag" }
 @String{TexasPress = "University of Texas Press" }
 @String{VanNostrand = "Van Nostrand" }
 @String{WHFreeman = "W. H. Freeman and Co." }

%Entries
%
%
% --------------------------------------------------------------------
%
%  HERE IS WHERE YOU ENTER BIB ENTRIES
%
% --------------------------------------------------------------------


@article{Sayre:2005:UMA:1082983.1083277,
 author = {Sayre, Kirk},
 title = {Usage Model-based Automated Testing of C++ Templates},
 journal = {SIGSOFT Softw. Eng. Notes},
 issue_date = {July 2005},
 volume = {30},
 number = {4},
 month = may,
 year = {2005},
 issn = {0163-5948},
 pages = {1--5},
 numpages = {5},
 url = {http://doi.acm.org/10.1145/1082983.1083277},
 doi = {10.1145/1082983.1083277},
 acmid = {1083277},
 publisher = {ACM},
 address = {New York, NY, USA},
}

@article{Kastner:2012,
 author = {K\"{a}stner, Christian and Apel, Sven and Th\"{u}m, Thomas and Saake, Gunter},
 title = {Type Checking Annotation-based Product Lines},
 journal = {ACM Trans. Softw. Eng. Methodol.},
 issue_date = {June 2012},
 volume = {21},
 number = {3},
 month = jul,
 year = {2012},
 issn = {1049-331X},
 pages = {14:1--14:39},
 articleno = {14},
 numpages = {39},
 url = {http://doi.acm.org/10.1145/2211616.2211617},
 doi = {10.1145/2211616.2211617},
 acmid = {2211617},
 publisher = {ACM},
 address = {New York, NY, USA},
 keywords = {\#ifdef, CFJ, CIDE, Featherweight Java, conditional compilation, software product lines, type system},
}


@INPROCEEDINGS{7203038,
author={S. {Fischer} and L. {Linsbauer} and R. E. {Lopez-Herrejon} and A. {Egyed}},
booktitle={2015 IEEE/ACM 37th IEEE International Conference on Software Engineering},
title={The ECCO Tool: Extraction and Composition for Clone-and-Own},
year={2015},
volume={2},
number={},
pages={665-668},
keywords={software product lines;ECCO tool;software reuse;customer-specific needs;extraction-and-composition-for-clone-and-own;Eclipse-based tool;feature selection;software product lines;Software;Feature extraction;Data mining;Conferences;Software engineering;Systematics;Distance measurement;product variants;clone-and-own;reuse;features;feature interactions},
doi={10.1109/ICSE.2015.218},
ISSN={0270-5257},
month={May},}

@book{proksch2014tool,
  title={Tool support for contracts in FeatureIDE},
  author={Proksch, Florian and Kr{\"u}ger, Stefan},
  year={2014},
  publisher={Universit{\"a}ts-und Landesbibliothek Sachsen-Anhalt}
}

@article{Thum:2014:FEF:2537169.2537315,
 author = {Th\"{u}m, Thomas and K\"{a}stner, Christian and Benduhn, Fabian and Meinicke, Jens and Saake, Gunter and Leich, Thomas},
 title = {FeatureIDE: An Extensible Framework for Feature-oriented Software Development},
 journal = {Sci. Comput. Program.},
 issue_date = {January, 2014},
 volume = {79},
 month = jan,
 year = {2014},
 issn = {0167-6423},
 pages = {70--85},
 numpages = {16},
 url = {http://dx.doi.org/10.1016/j.scico.2012.06.002},
 doi = {10.1016/j.scico.2012.06.002},
 acmid = {2537315},
 publisher = {Elsevier North-Holland, Inc.},
 address = {Amsterdam, The Netherlands, The Netherlands},
 keywords = {Aspect-oriented programming, Delta-oriented programming, Feature modeling, Feature-oriented programming, Feature-oriented software development, Preprocessors, Software product lines, Tool support},
}

@inproceedings{leich2005tool,
  title={Tool support for feature-oriented software development: featureIDE: an Eclipse-based approach},
  author={Leich, Thomas and Apel, Sven and Marnitz, Laura and Saake, Gunter},
  booktitle={Proceedings of the 2005 OOPSLA workshop on Eclipse technology eXchange},
  pages={55--59},
  year={2005},
  organization={ACM}
}

@inproceedings{Setyautami:2016:UPD:2934466.2934479,
 author = {Setyautami, Maya R. A. and H\"{a}hnle, Reiner and Muschevici, Radu and Azurat, Ade},
 title = {A UML Profile for Delta-oriented Programming to Support Software Product Line Engineering},
 booktitle = {Proceedings of the 20th International Systems and Software Product Line Conference},
 series = {SPLC '16},
 year = {2016},
 isbn = {978-1-4503-4050-2},
 location = {Beijing, China},
 pages = {45--49},
 numpages = {5},
 url = {http://doi.acm.org/10.1145/2934466.2934479},
 doi = {10.1145/2934466.2934479},
 acmid = {2934479},
 publisher = {ACM},
 address = {New York, NY, USA},
 keywords = {delta-oriented programming, unified modelling language},
}

@inproceedings{Sousa:2016:EFM:2934466.2934475,
 author = {Sousa, Gustavo and Rudametkin, Walter and Duchien, Laurence},
 title = {Extending Feature Models with Relative Cardinalities},
 booktitle = {Proceedings of the 20th International Systems and Software Product Line Conference},
 series = {SPLC '16},
 year = {2016},
 isbn = {978-1-4503-4050-2},
 location = {Beijing, China},
 pages = {79--88},
 numpages = {10},
 url = {http://doi.acm.org/10.1145/2934466.2934475},
 doi = {10.1145/2934466.2934475},
 acmid = {2934475},
 publisher = {ACM},
 address = {New York, NY, USA},
 keywords = {cardinality, constraints, feature model},
}

@inproceedings{Ddder2013UsingII,
  title={Using Inhabitation in Bounded Combinatory Logic with Intersection Types for Composition Synthesis},
  author={Boris D{\"u}dder and Oliver Garbe and Moritz Martens and Jakob Rehof and Pawel Urzyczyn},
  booktitle={ITRS},
  year={2013}
}

@inproceedings{Apel:2009:FLA:1555001.1555038,
 author = {Apel, Sven and Kastner, Christian and Lengauer, Christian},
 title = {FEATUREHOUSE: Language-independent, Automated Software Composition},
 booktitle = {Proceedings of the 31st International Conference on Software Engineering},
 series = {ICSE '09},
 year = {2009},
 isbn = {978-1-4244-3453-4},
 pages = {221--231},
 numpages = {11},
 url = {http://dx.doi.org/10.1109/ICSE.2009.5070523},
 doi = {10.1109/ICSE.2009.5070523},
 acmid = {1555038},
 publisher = {IEEE Computer Society},
 address = {Washington, DC, USA},
}

@inproceedings{Thum:2011:AFF:2061045.2062153,
 author = {Thum, Thomas and Kastner, Christian and Erdweg, Sebastian and Siegmund, Norbert},
 title = {Abstract Features in Feature Modeling},
 booktitle = {Proceedings of the 2011 15th International Software Product Line Conference},
 series = {SPLC '11},
 year = {2011},
 isbn = {978-0-7695-4487-8},
 pages = {191--200},
 numpages = {10},
 url = {http://dx.doi.org/10.1109/SPLC.2011.53},
 doi = {10.1109/SPLC.2011.53},
 acmid = {2062153},
 publisher = {IEEE Computer Society},
 address = {Washington, DC, USA},
 keywords = {software product lines, program families, feature modeling, feature model, automated analyses},
}

@inproceedings{Arcaini:2017:ARV:3106195.3106206,
 author = {Arcaini, Paolo and Gargantini, Angelo and Vavassori, Paolo},
 title = {Automated Repairing of Variability Models},
 booktitle = {Proceedings of the 21st International Systems and Software Product Line Conference - Volume A},
 series = {SPLC '17},
 year = {2017},
 isbn = {978-1-4503-5221-5},
 location = {Sevilla, Spain},
 pages = {9--18},
 numpages = {10},
 url = {http://doi.acm.org/10.1145/3106195.3106206},
 doi = {10.1145/3106195.3106206},
 acmid = {3106206},
 publisher = {ACM},
 address = {New York, NY, USA},
}

@article{Batory2004FeatureorientedPA,
  title={Feature-oriented programming and the AHEAD tool suite},
  author={Don S. Batory},
  journal={Proceedings. 26th International Conference on Software Engineering},
  year={2004},
  pages={702-703}
}

@inproceedings{PEPM18,
    author = {Jan Bessai and Boris D{\"{u}}dder and George Heineman and Jakob Rehof},
    title = {Towards Language-independent Code Synthesis, Poster/Demo},
    booktitle = {ACM SIGPLAN Workshop on Partial Evaluation and Program Manipulation (PEPM)},
    year      = {2018},
    url       = {https://popl18.sigplan.org/event/pepm-2018-towards-language-independent-code-synthesis-poster-demo-talk-}
}

@inproceedings{Kim:2017:RJS:3106195.3106201,
 author = {Kim, Jongwook and Batory, Don and Dig, Danny},
 title = {Refactoring Java Software Product Lines},
 booktitle = {Proceedings of the 21st International Systems and Software Product Line Conference - Volume A},
 series = {SPLC '17},
 year = {2017},
 isbn = {978-1-4503-5221-5},
 location = {Sevilla, Spain},
 pages = {59--68},
 numpages = {10},
 url = {http://doi.acm.org/10.1145/3106195.3106201},
 doi = {10.1145/3106195.3106201},
 acmid = {3106201},
 publisher = {ACM},
 address = {New York, NY, USA},
 keywords = {refactoring, software product lines},
}

@inproceedings{Heineman:2015:TMO:2791060.2791076,
 author = {Heineman, George and Hoxha, Armend and D\"{u}dder, Boris and Rehof, Jakob},
 title = {Towards Migrating Object-oriented Frameworks to Enable Synthesis of Product Line Members},
 booktitle = {Proceedings of the 19th International Conference on Software Product Line},
 series = {SPLC '15},
 year = {2015},
 isbn = {978-1-4503-3613-0},
 location = {Nashville, Tennessee},
 pages = {56--60},
 numpages = {5},
 url = {http://doi.acm.org/10.1145/2791060.2791076},
 doi = {10.1145/2791060.2791076},
 acmid = {2791076},
 publisher = {ACM},
 address = {New York, NY, USA},
}

@inproceedings{ZhangGraphPL,
  title={Graph Product Line EVALUATING PRODUCT LINE TECHNOLOGIES : A GRAPH PRODUCT LINE CASE STUDY},
  author={Zhang. and Liya Chakma and Hongyu Zhang}
}

@article{LopezHerrejon2014TowardsAB,
  title={Towards a Benchmark and a Comparison Framework for Combinatorial Interaction Testing of Software Product Lines},
  author={Roberto Erick Lopez-Herrejon and Javier Ferrer and Francisco Chicano and Evelyn Nicole Haslinger and Alexander Egyed and Enrique Alba},
  journal={CoRR},
  year={2014},
  volume={abs/1401.5367}
}

@inproceedings{Bagheri:2010:CSP:1885639.1885642,
 author = {Bagheri, Ebrahim and Di Noia, Tommaso and Ragone, Azzurra and Gasevic, Dragan},
 title = {Configuring Software Product Line Feature Models Based on Stakeholders' Soft and Hard Requirements},
 booktitle = {Proceedings of the 14th International Conference on Software Product Lines: Going Beyond},
 series = {SPLC'10},
 year = {2010},
 isbn = {3-642-15578-2, 978-3-642-15578-9},
 location = {Jeju Island, South Korea},
 pages = {16--31},
 numpages = {16},
 url = {http://dl.acm.org/citation.cfm?id=1885639.1885642},
 acmid = {1885642},
 publisher = {Springer-Verlag},
 address = {Berlin, Heidelberg},
}

@inproceedings{Lopez-Herrejon:2012:TFI:2110147.2110158,
 author = {Lopez-Herrejon, Roberto E. and Egyed, Alexander},
 title = {Towards Fixing Inconsistencies in Models with Variability},
 booktitle = {Proceedings of the Sixth International Workshop on Variability Modeling of Software-Intensive Systems},
 series = {VaMoS '12},
 year = {2012},
 isbn = {978-1-4503-1058-1},
 location = {Leipzig, Germany},
 pages = {93--100},
 numpages = {8},
 url = {http://doi.acm.org/10.1145/2110147.2110158},
 doi = {10.1145/2110147.2110158},
 acmid = {2110158},
 publisher = {ACM},
 address = {New York, NY, USA},
 keywords = {consistency, consistency checking, feature oriented software development, model, safe composition, software product line, variability},
}

@inproceedings{Johansen2010ExploringTS,
  title={Exploring the Synergies Between Feature Models and Ontologies},
  author={Martin Fagereng Johansen and Franck Fleurey and Mathieu Acher and Philippe Collet and Philippe Lahire},
  booktitle={SPLC Workshops},
  year={2010}
}

@article{doi:10.1002/smr.534,
author = {Bagheri, Ebrahim and Noia, Tommaso Di and Gasevic, Dragan and Ragone, Azzurra},
title = {Formalizing interactive staged feature model configuration},
journal = {Journal of Software: Evolution and Process},
volume = {24},
number = {4},
pages = {375-400},
keywords = {feature models, variability, software product lines, soft constraints, logic languages},
doi = {10.1002/smr.534},
url = {https://onlinelibrary.wiley.com/doi/abs/10.1002/smr.534},
eprint = {https://onlinelibrary.wiley.com/doi/pdf/10.1002/smr.534},
abstract = {SUMMARY Feature modeling an attractive technique for capturing commonality as well as variability within
an application domain for generative programming and software product line engineering. Feature models symbolize an
overarching representation of the possible application configuration space, and can hence be customized based on
specific domain requirements and stakeholder goals. Most interactive or semi-automated feature model customization
processes neglect the need to have a holistic approach towards the integration and satisfaction of the stakeholder's
soft and hard constraints, and the application-domain integrity constraints. In this paper, we will show how the
structure and constraints of a feature model can be modeled uniformly through Propositional Logic extended with
concrete domains, called Pscr(𝒩). Furthermore, we formalize the representation of soft constraints in fuzzy 𝒫(𝒩) and
explain how semi-automated feature model customization is performed in this setting. The model configuration derivation
 process that we propose respects the soundness and completeness properties. Copyright © 2011 John Wiley \& Sons, Ltd.},,
year = {2012}
}

@InProceedings{10.1007/978-3-642-31095-9_40,
author="Ensan, Faezeh
and Bagheri, Ebrahim
and Ga{\v{s}}evi{\'{c}}, Dragan",
editor="Ralyt{\'e}, Jolita
and Franch, Xavier
and Brinkkemper, Sjaak
and Wrycza, Stanislaw",
title="Evolutionary Search-Based Test Generation for Software Product Line Feature Models",
booktitle="Advanced Information Systems Engineering",
year="2012",
publisher="Springer Berlin Heidelberg",
address="Berlin, Heidelberg",
pages="613--628",
abstract="Product line-based software engineering is a paradigm that models the commonalities and variabilities of different applications of a given domain of interest within a unique framework and enhances rapid and low cost development of new applications based on reuse engineering principles. Despite the numerous advantages of software product lines, it is quite challenging to comprehensively test them. This is due to the fact that a product line can potentially represent many different applications; therefore, testing a single product line requires the test of its various applications. Theoretically, a product line with n software features can be a source for the development of 2napplication. This requires the test of 2napplications if a brute-force comprehensive testing strategy is adopted. In this paper, we propose an evolutionary testing approach based on Genetic Algorithms to explore the configuration space of a software product line feature model in order to automatically generate test suites. We will show through the use of several publicly-available product line feature models that the proposed approach is able to generate test suites of O(n) size complexity as opposed to O(2n) while at the same time form a suitable tradeoff balance between error coverage and feature coverage in its generated test suites.",
isbn="978-3-642-31095-9"
}

@inproceedings{Lopez-Herrejon:2001:SPE:645418.652082,
 author = {Lopez-Herrejon, Roberto E. and Batory, Don S.},
 title = {A Standard Problem for Evaluating Product-Line Methodologies},
 booktitle = {Proceedings of the Third International Conference on Generative and Component-Based Software Engineering},
 series = {GCSE '01},
 year = {2001},
 isbn = {3-540-42546-2},
 pages = {10--24},
 numpages = {15},
 url = {http://dl.acm.org/citation.cfm?id=645418.652082},
 acmid = {652082},
 publisher = {Springer-Verlag},
 address = {London, UK, UK},
}

@inproceedings{Apel:2008:AFF:1428476.1428480,
 author = {Apel, Sven and Lengauer, Christian and M\"{o}ller, Bernhard and K\"{a}stner, Christian},
 title = {An Algebra for Features and Feature Composition},
 booktitle = {Proceedings of the 12th International Conference on Algebraic Methodology and Software Technology},
 series = {AMAST 2008},
 year = {2008},
 isbn = {978-3-540-79979-5},
 location = {Urbana, IL, USA},
 pages = {36--50},
 numpages = {15},
 url = {http://dx.doi.org/10.1007/978-3-540-79980-1_4},
 doi = {10.1007/978-3-540-79980-1_4},
 acmid = {1428480},
 publisher = {Springer-Verlag},
 address = {Berlin, Heidelberg},
}


@inproceedings{Vasilevskiy:2016:TRP:2934466.2934484,
 author = {Vasilevskiy, Anatoly and Chauvel, Franck and Haugen, Oystein},
 title = {Toward Robust Product Realisation in Software Product Lines},
 booktitle = {Proceedings of the 20th International Systems and Software Product Line Conference},
 series = {SPLC '16},
 year = {2016},
 isbn = {978-1-4503-4050-2},
 location = {Beijing, China},
 pages = {184--193},
 numpages = {10},
 url = {http://doi.acm.org/10.1145/2934466.2934484},
 doi = {10.1145/2934466.2934484},
 acmid = {2934484},
 publisher = {ACM},
 address = {New York, NY, USA},
 keywords = {automated planning, bvr, fragment substitution, model, product derivation, product line, realisation, variation point},
}

@inproceedings{Kuhn:2015:CPC:2791060.2791092,
 author = {K\"{u}hn, Thomas and Cazzola, Walter and Olivares, Diego Mathias},
 title = {Choosy and Picky: Configuration of Language Product Lines},
 booktitle = {Proceedings of the 19th International Conference on Software Product Line},
 series = {SPLC '15},
 year = {2015},
 isbn = {978-1-4503-3613-0},
 location = {Nashville, Tennessee},
 pages = {71--80},
 numpages = {10},
 url = {http://doi.acm.org/10.1145/2791060.2791092},
 doi = {10.1145/2791060.2791092},
 acmid = {2791092},
 publisher = {ACM},
 address = {New York, NY, USA},
 keywords = {language composition, language product lines},
}

@book{Apel:2013:FSP:2541773,
 author = {Apel, Sven and Batory, Don and Kstner, Christian and Saake, Gunter},
 title = {Feature-Oriented Software Product Lines: Concepts and Implementation},
 year = {2013},
 isbn = {3642375200, 9783642375200},
 publisher = {Springer Publishing Company, Incorporated},
}

@inproceedings{Schaefer:2010:DPS:1885639.1885647,
 author = {Schaefer, Ina and Bettini, Lorenzo and Damiani, Ferruccio and Tanzarella, Nico},
 title = {Delta-oriented Programming of Software Product Lines},
 booktitle = {Proceedings of the 14th International Conference on Software Product Lines: Going Beyond},
 series = {SPLC'10},
 year = {2010},
 isbn = {3-642-15578-2, 978-3-642-15578-9},
 location = {Jeju Island, South Korea},
 pages = {77--91},
 numpages = {15},
 url = {http://dl.acm.org/citation.cfm?id=1885639.1885647},
 acmid = {1885647},
 publisher = {Springer-Verlag},
 address = {Berlin, Heidelberg},
}

@misc{CIDE:Eclipse,
  author =       "{K\"{a}stner}, Christian",
  year =         "2010",
  title =        "CIDE: Virtual Separation of Concerns (Preprocessor 2.0)",
  url =          "{http://ckaestne.github.io/CIDE/}",
  howpublished = "",
  month =        mar,
  lastaccessed = "",
}











